@article{Fang2009,
author = {Fang, Mei and Yue, GuangXue and Yu, QingCang},
year = {2009},
month = {01},
pages = {},
title = {The Study on An Application of Otsu Method in Canny Operator}
}

@ARTICLE{Canny1986,  author={Canny, John},  journal={IEEE Transactions on Pattern Analysis and Machine Intelligence},   title={A Computational Approach to Edge Detection},   year={1986},  volume={PAMI-8},  number={6},  pages={679-698},  doi={10.1109/TPAMI.1986.4767851}}

@misc{greensted, title={The lab book pages}, url={http://www.labbookpages.co.uk/software/imgProc/otsuThreshold.html}, journal={ The Lab Book Pages:  An online collection of electronics information}, author={Greensted, Andrew}} 

@misc{tutorialSharpness, title={Tutorials: Sharpness}, url={https://www.cambridgeincolour.com/tutorials/sharpness.htm}, journal={Tutorials â€“ Sharpness}} 

@misc{opencvContours, title={Contour approximation method}, url={https://docs.opencv.org/3.4/d4/d73/tutorial\_py\_contours\_begin.html}, journal={OpenCV}} 

@INPROCEEDINGS{Hanghang2004,  author={Hanghang Tong and Mingjing Li and Hongjiang Zhang and Changshui Zhang},  booktitle={2004 IEEE International Conference on Multimedia and Expo (ICME) (IEEE Cat. No.04TH8763)},   title={Blur detection for digital images using wavelet transform},   year={2004},  volume={1},  number={},  pages={17-20 Vol.1},  doi={10.1109/ICME.2004.1394114}}

@book{chidiac_ziou, url={http://w3.gel.ulaval.ca/~parizeau/vi99/PDF-files/S1/paper72.pdf}, journal={Classification of Image Edges}, author={Chidiac, Hanna and Ziou, Djemel}} 

@INPROCEEDINGS{712011,  author={Tang, Y.Y. and Lihua Yang and Li Feng},  booktitle={Proceedings. Fourteenth International Conference on Pattern Recognition (Cat. No.98EX170)},   title={Characterization and detection of edges by Lipschitz exponents and MASW wavelet transform},   year={1998},  volume={2},  number={},  pages={1572-1574 vol.2},  doi={10.1109/ICPR.1998.712011}}

@ARTICLE{Zhang2000,  author={Zhang, Z.},  journal={IEEE Transactions on Pattern Analysis and Machine Intelligence},   title={A flexible new technique for camera calibration},   year={2000},  volume={22},  number={11},  pages={1330-1334},  doi={10.1109/34.888718}}

@misc{opencvOrb, title={ORB (Oriented FAST and Rotated BRIEF)}, url={https://docs.opencv.org/3.4/d1/d89/tutorial\_py
\_orb.html}, journal={OpenCV}} 

@article{orb_surf_sift_evaluation,
  author    = {Ebrahim Karami and
              Siva Prasad and
              Mohamed S. Shehata},
  title     = {Image Matching Using SIFT, SURF, {BRIEF} and {ORB:} Performance Comparison
              for Distorted Images},
  journal   = {CoRR},
  volume    = {abs/1710.02726},
  year      = {2017},
  url       = {http://arxiv.org/abs/1710.02726},
  eprinttype = {arXiv},
  eprint    = {1710.02726},
  timestamp = {Mon, 13 Aug 2018 16:46:48 +0200},
  biburl    = {https://dblp.org/rec/journals/corr/abs-1710-02726.bib},
  bibsource = {dblp computer science bibliography, https://dblp.org}}

@INPROCEEDINGS{orb_original_paper,
  author={Rublee, Ethan and Rabaud, Vincent and Konolige, Kurt and Bradski, Gary},
  booktitle={2011 International Conference on Computer Vision}, 
  title={ORB: An efficient alternative to SIFT or SURF}, 
  year={2011},
  volume={},
  number={},
  pages={2564-2571},
  doi={10.1109/ICCV.2011.6126544}}

@misc{feature_extraction, title={Feature extraction and reverse image search}, url={https://github.com/ml4a/ml4a/blob/master/examples/info\_retrieval/image-search.ipynb}, journal={Github}} 


@misc{vgg16_image, title={Automatic localization of casting defects with convolutional neural networks}, url={https://www.researchgate.net/figure/Fig-A1-The-standard-VGG-16-network-architecture-as-proposed-in-32-Note-that-only\_fig3\_322512435}, journal={ResearchGate}} 




@misc{opencv_matching, title={Feature Matching}, url={https://docs.opencv.org/4.x/dc/dc3/tutorial\_py\_matcher.html}, journal={OpenCV}} 


@article{blunsom2004hidden,
  title={Hidden markov models},
  author={Blunsom, Phil},
  journal={Lecture notes, August},
  volume={15},
  number={18-19},
  pages={48},
  year={2004},
  publisher={Citeseer}
}

@article{ahmadian2018systematic,
  title={A systematic review on intrusion detection based on the Hidden Markov Model},
  author={Ahmadian Ramaki, Ali and Rasoolzadegan, Abbas and Javan Jafari, Abbas},
  journal={Statistical Analysis and Data Mining: The ASA Data Science Journal},
  volume={11},
  number={3},
  pages={111--134},
  year={2018},
  publisher={Wiley Online Library}
}

@misc{floyd_warshall,
  doi = {10.48550/ARXIV.2109.01872},
  
  url = {https://arxiv.org/abs/2109.01872},
  
  author = {Toroslu, Ismail H.},
  
  keywords = {Data Structures and Algorithms (cs.DS), FOS: Computer and information sciences, FOS: Computer and information sciences},
  
  title = {Improving The Floyd-Warshall All Pairs Shortest Paths Algorithm},
  
  publisher = {arXiv},
  
  year = {2021},
  
  copyright = {Creative Commons Attribution Non Commercial No Derivatives 4.0 International}
}